<?xml version="1.0" encoding="UTF-8"?><record xmlns="http://www.loc.gov/MARC21/slim" xmlns:cinclude="http://apache.org/cocoon/include/1.0" xmlns:zs="http://www.loc.gov/zing/srw/">
  <leader>00340nz  a2200133n  4500</leader>
  <controlfield tag="001">no2006004312</controlfield>
  <controlfield tag="003">DLC</controlfield>
  <controlfield tag="005">20060114071057.0</controlfield>
  <controlfield tag="008">060109n| acannaabn          |n aaa     c</controlfield>
  <datafield tag="010" ind1=" " ind2=" ">
    <subfield code="a">no2006004312</subfield>
  </datafield>
  <datafield tag="035" ind1=" " ind2=" ">
    <subfield code="a">(OCoLC)oca06827449</subfield>
  </datafield>
  <datafield tag="040" ind1=" " ind2=" ">
    <subfield code="a">NjP</subfield>
    <subfield code="b">eng</subfield>
    <subfield code="c">NjP</subfield>
  </datafield>
  <datafield tag="100" ind1="1" ind2=" ">
    <subfield code="a">Walter, Urs</subfield>
  </datafield>
  <datafield tag="670" ind1=" " ind2=" ">
    <subfield code="a">Somnia Daedali, 1994:</subfield>
    <subfield code="b">container (Urs Walter, piano)</subfield>
  </datafield>
</record>